@online{rfc793,
	author = "ja",
	title = "RFC 793 - Transmission Control Protocol",
	url = "https://tools.ietf.org/html/rfc793",
	addendum = "(aaa)",
	keywords = "latex
}
